@ARTICLE{MPLS_1,
 author = {Luis llamas},
 title = {{STM32F103, EL COMPETIDOR ARM DE ARDUINO DE BAJO COSTE}},
 Month = {May},
 year = {2015},
 url = {https://www.luisllamas.es/stm32f103-el-competidor-arm-de-arduino-de-bajo-coste/}
 }
 
@ARTICLE{MPLS_2,
 author = {Luis llamas},
 title = {{PROGRAMAR STM32 CON IDE DE ARDUINO Y ST-LINK V2}},
 Month = {Sep},
 year = {2018},
 url = {https://www.luisllamas.es/programar-stm32-con-ide-de-arduino-y-st-link-v2/}
 }
 
 @ARTICLE{MPLS_3,
 author = {ST},
 title = {{STM32CubeIDE}},
 Month = {Abr},
 year = {2019},
 url = {https://www.st.com/en/development-tools/stm32cubeide.html/}
 }
 
  @ARTICLE{MPLS_4,
 author = {ROBERT L. BOYLESTAD
LOUIS NASHELSKY},
 title = {{Electrónica:
teoría de circuitos y dispositivos electrónicos}},
 year = {2009},
 url = {https://drive.google.com/file/d/0B8ZrCML_-6haV253MG0wNEZxYlE/view?resourcekey=0-xQE-gZSQ-Ypuy9EP_lXqbQ}
 }
 
  @ARTICLE{MPLS_5,
 author ={Electroallweb},
 title = {{Uso LCD 16x2}},
 Month = {May},
 year = {2016},
 url = {https://ingenieriaelectronica.org/funcionamiento-y-operacion-de-los-generadores-de-senales/}
 }
 
  @ARTICLE{MPLS_6,
 author ={Ingenieriaelectronica},
 title = {{Funcionamiento y operación de los Generadores de señales}},
 Month = {Ene},
 year = {2020},
 url = {https://www.electroallweb.com/index.php/2020/01/05/pantalla-display-lcd-16-x-2/}
 }